@article{andreassian2004,
   author = {Andréassian, Vazken},
   title = {Waters and forests: from historical controversy to scientific debate},
   journal = {Journal of Hydrology},
   volume = {291},
   number = {1},
   pages = {1-27},
   ISSN = {0022-1694},
   DOI = {https://doi.org/10.1016/j.jhydrol.2003.12.015},
   url = {https://www.sciencedirect.com/science/article/pii/S0022169403005171},
   year = {2004},
   type = {Journal Article}
}

@article{hewlett1984,
   author = {Bosch, J. M. and Hewlett, J.D.},
   title = {A review of catchment experiments to determine the effect of vegetation changes on water yield and evapotranspiration},
   journal = {Journal of Hydrology},
   volume = {55},
   pages = {3-23},
   year = {1982},
   type = {Journal Article}
}

@article{brown2013,
   author = {Brown, Alice E. and Western, Andrew W. and McMahon, Thomas A. and Zhang, Lu},
   title = {Impact of forest cover changes on annual streamflow and flow duration curves},
   journal = {Journal of Hydrology},
   volume = {483},
   number = {0},
   pages = {39-50},
   ISSN = {0022-1694},
   DOI = {http://dx.doi.org/10.1016/j.jhydrol.2012.12.031},
   url = {http://www.sciencedirect.com/science/article/pii/S0022169412011146},
   year = {2013},
   type = {Journal Article}
}

@article{brown2005,
   author = {Brown, Alice E. and Zhang, Lu and McMahon, Thomas A. and Western, Andrew W. and Vertessy, Robert A.},
   title = {A review of paired catchment studies for determining changes in water yield resulting from alterations in vegetation},
   journal = {Journal of Hydrology},
   volume = {310},
   number = {1-4},
   pages = {28-61},
   url = {http://www.sciencedirect.com/science/article/B6V6C-4G05MM9-1/2/bbc5fc0e958a8f34bcb7c1cc7fa57b48},
   year = {2005},
   type = {Journal Article}
}

@article{cosandey2005,
   author = {Cosandey, Claude and Andréassian, Vazken and Martin, Claude and Didon-Lescot, J. F. and Lavabre, Jacques and Folton, Nathalie and Mathys, Nicolle and Richard, Didier},
   title = {The hydrological impact of the mediterranean forest: a review of French research},
   journal = {Journal of Hydrology},
   volume = {301},
   number = {1},
   pages = {235-249},
   ISSN = {0022-1694},
   DOI = {https://doi.org/10.1016/j.jhydrol.2004.06.040},
   url = {https://www.sciencedirect.com/science/article/pii/S0022169404003257},
   year = {2005},
   type = {Journal Article}
}

@article{jackson2005,
   author = {Jackson, Robert B. and Jobbagy, Esteban G. and Avissar, Roni and Roy, Somnath Baidya and Barrett, Damian J. and Cook, Charles W. and Farley, Kathleen A. and le Maitre, David C. and McCarl, Bruce A. and Murray, Brian C.},
   title = {Trading Water for Carbon with Biological Carbon Sequestration},
   journal = {Science},
   volume = {310},
   number = {5756},
   pages = {1944-1947},
   DOI = {10.1126/science.1119282},
   url = {http://www.sciencemag.org/cgi/content/abstract/310/5756/1944 },
   year = {2005},
   type = {Journal Article}
}

@book{wood2006,
   author = {Wood, S.},
   title = {Generalized additive models: an introduction with R},
   publisher = {CRC Press},
   address = {Boca Raton, FL},
   pages = {410},
   ISBN = {978-1584884743},
   year = {2006},
   type = {Book}
}

@article{zhang2011,
   author = {Zhang, Lu and Zhao, Fangfang and Chen, Yun and Dixon, Renee N. M.},
   title = {Estimating effects of plantation expansion and climate variability on streamflow for catchments in Australia},
   journal = {Water Resources Research},
   volume = {47},
   number = {12},
   pages = {W12539},
   ISSN = {0043-1397},
   DOI = {10.1029/2011wr010711},
   url = {http://dx.doi.org/10.1029/2011WR010711},
   year = {2011},
   type = {Journal Article}
}

@article{zhang2017,
   author = {Zhang, Mingfang and Liu, Ning and Harper, Richard and Li, Qiang and Liu, Kuan and Wei, Xiaohua and Ning, Dingyuan and Hou, Yiping and Liu, Shirong},
   title = {A global review on hydrological responses to forest change across multiple spatial scales: Importance of scale, climate, forest type and hydrological regime},
   journal = {Journal of Hydrology},
   volume = {546},
   pages = {44-59},
   ISSN = {0022-1694},
   DOI = {https://doi.org/10.1016/j.jhydrol.2016.12.040},
   url = {http://www.sciencedirect.com/science/article/pii/S0022169416308307},
   year = {2017},
   type = {Journal Article}
}

